<record><leader>00000cas a22000007a 4500</leader><controlfield tag="001">12067112</controlfield><controlfield tag="008">850522d184u184uohuwr ne      0    0eng  </controlfield><controlfield tag="009">466</controlfield><datafield ind1=" " ind2=" " tag="010"><subfield code="a">sn 85042290 </subfield></datafield><datafield ind1=" " ind2=" " tag="040"><subfield code="a">DLC</subfield><subfield code="b">eng</subfield><subfield code="c">DLC</subfield><subfield code="d">NPY</subfield><subfield code="d">NPW</subfield><subfield code="d">KNP</subfield><subfield code="d">ONP</subfield><subfield code="d">KNP</subfield><subfield code="d">NVF</subfield><subfield code="d">DLC</subfield><subfield code="d">OCLCF</subfield></datafield><datafield ind1="1" ind2=" " tag="029"><subfield code="a">AU@</subfield><subfield code="b">000025819127</subfield></datafield><datafield ind1=" " ind2=" " tag="042"><subfield code="a">msc</subfield></datafield><datafield ind1=" " ind2=" " tag="043"><subfield code="a">n-us-oh</subfield></datafield><datafield ind1="0" ind2="0" tag="050"><subfield code="a">Newspaper</subfield></datafield><datafield ind1="0" ind2=" " tag="130"><subfield code="a">Weekly Cincinnati enquirer (Cincinnati, Ohio : 1844)</subfield></datafield><datafield ind1="1" ind2="0" tag="245"><subfield code="a">Weekly Cincinnati enquirer.</subfield></datafield><datafield ind1=" " ind2=" " tag="260"><subfield code="a">Cincinnati [Ohio] :</subfield><subfield code="b">C.H. Brough, H.H. Robinson &amp; C. Martin</subfield></datafield><datafield ind1=" " ind2=" " tag="300"><subfield code="a">v. ;</subfield><subfield code="c">67-73 cm.</subfield></datafield><datafield ind1=" " ind2=" " tag="310"><subfield code="a">Weekly</subfield></datafield><datafield ind1=" " ind2=" " tag="515"><subfield code="a">Issue for Apr. 15, 1847 misdated Apr. 14.</subfield></datafield><datafield ind1=" " ind2=" " tag="580"><subfield code="a">Daily eds.: Enquirer and message, 1843-1844, and: Daily enquirer and message, 1844-1845, and: Cincinnati daily enquirer (Cincinnati, Ohio : 1845), 1845-1849.</subfield></datafield><datafield ind1=" " ind2=" " tag="588"><subfield code="a">Description based on: New ser., v. 4, no. 4 (May 8, 1844).</subfield></datafield><datafield ind1=" " ind2="0" tag="651"><subfield code="a">Cincinnati (Ohio)</subfield><subfield code="v">Newspapers.</subfield></datafield><datafield ind1=" " ind2="7" tag="655"><subfield code="a">Newspapers.</subfield><subfield code="2">fast</subfield><subfield code="0">(OCoLC)fst01423814</subfield></datafield><datafield ind1=" " ind2="7" tag="651"><subfield code="a">Ohio</subfield><subfield code="z">Cincinnati.</subfield><subfield code="2">fast</subfield><subfield code="0">(OCoLC)fst01205142</subfield></datafield><datafield ind1=" " ind2=" " tag="752"><subfield code="a">United States</subfield><subfield code="b">Ohio</subfield><subfield code="c">Hamilton</subfield><subfield code="d">Cincinnati.</subfield></datafield><datafield ind1="1" ind2=" " tag="775"><subfield code="t">Enquirer and message</subfield><subfield code="w">(DLC)sn 83045620</subfield><subfield code="w">(OCoLC)9543505</subfield></datafield><datafield ind1="1" ind2=" " tag="775"><subfield code="t">Daily enquirer and message</subfield><subfield code="w">(DLC)sn 83045621</subfield><subfield code="w">(OCoLC)9571374</subfield></datafield><datafield ind1="1" ind2=" " tag="775"><subfield code="t">Cincinnati daily enquirer (Cincinnati, Ohio : 1845)</subfield><subfield code="w">(DLC)sn 83045086</subfield></datafield><datafield ind1="0" ind2="0" tag="780"><subfield code="t">Weekly enquirer and message</subfield></datafield><datafield ind1="0" ind2="0" tag="785"><subfield code="t">Weekly enquirer (Cincinnati, Ohio : 1849)</subfield><subfield code="w">(DLC)sn 87090515</subfield><subfield code="w">(OCoLC)16003587</subfield></datafield></record>